
@Misc{Zitat02,
  title        = {\textsc{Ultimate}},
  howpublished = {\url{https://ultimate.informatik.uni-freiburg.de}},
  note         = {Accessed: 2021-08-10},
}

@inproceedings{DBLP:conf/rp/HaaseH14,
  author    = {Christoph Haase and
               Simon Halfon},
  editor    = {Jo{\"{e}}l Ouaknine and
               Igor Potapov and
               James Worrell},
  title     = {Integer Vector Addition Systems with States},
  booktitle = {Reachability Problems - 8th International Workshop, {RP} 2014, Oxford,
               UK, September 22-24, 2014. Proceedings},
  series    = {Lecture Notes in Computer Science},
  volume    = {8762},
  pages     = {112--124},
  publisher = {Springer},
  year      = {2014},
  url       = {https://doi.org/10.1007/978-3-319-11439-2\_9},
  doi       = {10.1007/978-3-319-11439-2\_9},
  timestamp = {Tue, 14 May 2019 10:00:51 +0200},
  biburl    = {https://dblp.org/rec/conf/rp/HaaseH14.bib},
  bibsource = {dblp computer science bibliography, https://dblp.org}
}

@article{DBLP:journals/fmsd/KroeningLW15,
  author    = {Daniel Kroening and
               Matt Lewis and
               Georg Weissenbacher},
  title     = {Under-approximating loops in {C} programs for fast counterexample
               detection},
  journal   = {Formal Methods Syst. Des.},
  volume    = {47},
  number    = {1},
  pages     = {75--92},
  year      = {2015},
  url       = {https://doi.org/10.1007/s10703-015-0228-1},
  doi       = {10.1007/s10703-015-0228-1},
  timestamp = {Fri, 13 Mar 2020 10:55:12 +0100},
  biburl    = {https://dblp.org/rec/journals/fmsd/KroeningLW15.bib},
  bibsource = {dblp computer science bibliography, https://dblp.org}
}

@article{DBLP:journals/fmsd/KroeningSTTW13,
  author    = {Daniel Kroening and
               Natasha Sharygina and
               Stefano Tonetta and
               Aliaksei Tsitovich and
               Christoph M. Wintersteiger},
  title     = {Loop summarization using state and transition invariants},
  journal   = {Formal Methods Syst. Des.},
  volume    = {42},
  number    = {3},
  pages     = {221--261},
  year      = {2013},
  url       = {https://doi.org/10.1007/s10703-012-0176-y},
  doi       = {10.1007/s10703-012-0176-y},
  timestamp = {Fri, 13 Mar 2020 10:55:17 +0100},
  biburl    = {https://dblp.org/rec/journals/fmsd/KroeningSTTW13.bib},
  bibsource = {dblp computer science bibliography, https://dblp.org}
}

@inproceedings{DBLP:conf/cav/SilvermanK19,
  author    = {Jake Silverman and
               Zachary Kincaid},
  editor    = {Isil Dillig and
               Serdar Tasiran},
  title     = {{Loop Summarization} with {Rational Vector Addition Systems}},
  booktitle = {Computer Aided Verification - 31st International Conference, {CAV}
               2019, New York City, NY, USA, July 15-18, 2019, Proceedings, Part
               {II}},
  series    = {Lecture Notes in Computer Science},
  volume    = {11562},
  pages     = {97--115},
  publisher = {Springer},
  year      = {2019},
  url       = {https://doi.org/10.1007/978-3-030-25543-5\_7},
  doi       = {10.1007/978-3-030-25543-5\_7},
  timestamp = {Fri, 31 Jan 2020 21:32:18 +0100},
  biburl    = {https://dblp.org/rec/conf/cav/SilvermanK19.bib},
  bibsource = {dblp computer science bibliography, https://dblp.org}
}

@article{DBLP:journals/tse/XieCZLLL19,
  author    = {Xiaofei Xie and
               Bihuan Chen and
               Liang Zou and
               Yang Liu and
               Wei Le and
               Xiaohong Li},
  title     = {Automatic Loop Summarization via Path Dependency Analysis},
  journal   = {{IEEE} Trans. Software Eng.},
  volume    = {45},
  number    = {6},
  pages     = {537--557},
  year      = {2019},
  url       = {https://doi.org/10.1109/TSE.2017.2788018},
  doi       = {10.1109/TSE.2017.2788018},
  timestamp = {Tue, 17 Mar 2020 15:40:44 +0100},
  biburl    = {https://dblp.org/rec/journals/tse/XieCZLLL19.bib},
  bibsource = {dblp computer science bibliography, https://dblp.org}
}